

@InProceedings{LeCun1998,
  author = 	 {Y LeCun and L Bottou and Y Bengio and P Haffner},
  title = 	 {Gradient-based learning applied to document recognition},
  booktitle = {Proceedings of the IEEE},
  year = 	 1998,
  volume = 	 86,
  number = 	 11,
  pages = 	 {2278--2324},
  month = 	 {November}}

@online{Xiao2017,
  author       = {Han Xiao and Kashif Rasul and Roland Vollgraf},
  title        = {Fashion-MNIST: a Novel Image Dataset for Benchmarking Machine Learning Algorithms},
  date         = {2017-08-28},
  year         = {2017},
  eprintclass  = {cs.LG},
  eprinttype   = {arXiv},
  eprint       = {cs.LG/1708.07747},
}